@inproceedings{8862255,
  author    = {Lambora, Annu and Gupta, Kunal and Chopra, Kriti},
  booktitle = {2019 International Conference on Machine Learning, Big Data, Cloud and Parallel Computing (COMITCon)},
  title     = {Genetic Algorithm- A Literature Review},
  year      = {2019},
  volume    = {},
  number    = {},
  pages     = {380-384},
  keywords  = {Genetic algorithms;Biological cells;Optimization;Sociology;Statistics;Encoding;Genetics;Genetic Algorithm;Inheritance;Mutation;Selection;Crossover},
  doi       = {10.1109/COMITCon.2019.8862255}
}

@article{article,
  author  = {Al-Khatib, Ra'ed M. and Al-Betar, Mohammed and Awadallah, Mohammed and Nahar, Khalid and Abu Shquier, Mohammed and Manasrah, Ahmad and Doumi, Ahmad},
  year    = {2019},
  month   = {01},
  pages   = {1},
  title   = {MGA-TSP: Modernized Genetic Algorithm for the Traveling Salesman Problem},
  volume  = {11},
  journal = {International Journal of Reasoning-based Intelligent Systems},
  doi     = {10.1504/IJRIS.2019.10019776}
}

@article{La_Cava_2021,
  title     = {Understanding the growth of the Fediverse through the lens of Mastodon},
  volume    = {6},
  issn      = {2364-8228},
  url       = {http://dx.doi.org/10.1007/s41109-021-00392-5},
  doi       = {10.1007/s41109-021-00392-5},
  number    = {1},
  journal   = {Applied Network Science},
  publisher = {Springer Science and Business Media LLC},
  author    = {La Cava, Lucio and Greco, Sergio and Tagarelli, Andrea},
  year      = {2021},
  month     = sep
}
@misc{mastodon_ggmbh_2022,
  title   = {streaming API methods - Mastodon documentation},
  url     = {https://docs.joinmastodon.org/methods/streaming/#public},
  journal = {Joinmastodon.org},
  author  = {Mastodon gGmbH},
  year    = {2022}
}
@misc{html_standard_2024,
  title   = {Server-sent events},
  url     = {https://html.spec.whatwg.org/multipage/server-sent-events.html},
  journal = {Whatwg.org},
  year    = {2024}
}

@misc{w3c_2018,
  title   = {ActivityPub},
  url     = {https://www.w3.org/TR/activitypub/},
  journal = {www.w3.org},
  author  = {W3C},
  year    = {2018},
  month   = {Jan}
}


@misc{docker_stack,
  title   = {Deploy a stack to a swarm},
  url     = {https://docs.docker.com/engine/swarm/stack-deploy/},
  journal = {Docker Documentation},
  author  = {Docker Inc.},
  year    = {2020},
  month   = {Dec}
}

@misc{raspberrypi,
  title   = {Raspberry Pi Documentation - Raspberry Pi Hardware},
  url     = {https://www.raspberrypi.com/documentation/computers/raspberry-pi.html},
  journal = {www.raspberrypi.com},
  author  = {Raspberry Pi}
}